
@online{Bacarmo,
  author       = {Bruno Alves do Carmo},
  title        = {Elementos Finitos},
  howpublished = {GitHub},
  url          = {https://github.com/bacarmo/Elementos_Finitos},
  note         = {Acessado em 11 de Outubro de 2024}
}

@online{Pereira,
  author       = {Jo√£o Victor Lopez Pereira},
  title        = {Finite-Elements-Method},
  howpublished = {GitHub},
  url          = {https://github.com/joaovictorlopezpereira/Finite-Elements-Method},
  note         = {Acessado em 20 de Outubro de 2024}
}

