
@online{Bacarmo,
  author       = {Bruno Alves do Carmo},
  title        = {Elementos Finitos},
  howpublished = {GitHub},
  url          = {https://github.com/bacarmo/Elementos_Finitos},
  note         = {Acessado em 20 de Dezembro de 2024}
}

@book{Hughes,
  title     = {The Finite Element Method: Linear Static and Dynamic Finite Element Analysis},
  author    = {Thomas J. R. Hughes},
  publisher = {Dover Publications},
  isbn      = {0486411818; 9780486411811},
  year      = {2000},
  series    = {Dover Civil and Mechanical Engineering},
  url       = {libgen.li/file.php?md5=6ccd7300b50cdf2ec244ba5c248c4bc1}
}

@online{Pereira,
  author       = {Jo√£o Victor Lopez Pereira},
  title        = {Finite-Elements-Method},
  howpublished = {GitHub},
  url          = {https://github.com/joaovictorlopezpereira/Finite-Elements-Method},
  note         = {Acessado em 20 de Outubro de 2024}
}